@Article{ Article2011,
	author = "Name Author1 and Name Author2",
	title = "Article Title",
	volume = "31",
	number = "38",
	pages = "13635--13643",
	year = "2011",
	doi = "10.3389/journal.2011",
	URL = "http://www.journal.com",
	journal = "The Journal of Article"
}

@InProceedings{ Proceed2007,
	author = {Name Author},
	title = "Title",
	booktitle = "Book, 2007",
	year = "2007",
	pages = "IV--941--IV--944 ",
}
